@misc{landin66,
  author    = {Peter J. Landin},
  title     = {The next 700 programming languages},
  journal   = {Commun. {ACM}},
  volume    = {9},
  number    = {3},
  pages     = {157--166},
  year      = {1966},
  url       = {http://doi.acm.org/10.1145/365230.365257},
  doi       = {10.1145/365230.365257},
  timestamp = {Thu, 20 Nov 2003 13:06:23 +0100},
  biburl    = {http://dblp.uni-trier.de/rec/bib/journals/cacm/Landin66},
  bibsource = {dblp computer science bibliography, http://dblp.org}
}